@techreport{Turla19,
  author =  "Matthieu Faou",
  institution = "{ESET} Research",
  title =   "Turla {L}ight{N}euron, one email away from remote code execution"
}

@misc{MitreTurla,
  author = "Edward Millington",
  title = "Turla",
  howpublished = "\url{https://attack.mitre.org/groups/G0010/}"
}

@misc{transMicro,
  author = "Microsoft",
  title = "Transport Agents",
  howpublished = "\url{https://docs.microsoft.com/en-us/exchange/transport-agents-exchange-2013-help}"
}

@misc{MitreTechniques,
  author = "The {MITRE} Corporation",
  title = "{MITRE ATT\&CK}",
  howpublished = "\url{https://attack.mitre.org/}"
}